<record><leader>00000cas a22000007a 4500</leader><controlfield tag="001">18170458</controlfield><controlfield tag="008">880705d190519uulaucr ne      0    0eng d</controlfield><datafield ind1=" " ind2=" " tag="010"><subfield code="a">sn 88064523 </subfield></datafield><datafield ind1=" " ind2=" " tag="040"><subfield code="a">LNP</subfield><subfield code="b">eng</subfield><subfield code="c">LNP</subfield><subfield code="d">OCLCQ</subfield></datafield><datafield ind1=" " ind2=" " tag="042"><subfield code="a">msc</subfield></datafield><datafield ind1="0" ind2="0" tag="245"><subfield code="a">Twice-a-week times.</subfield></datafield><datafield ind1=" " ind2=" " tag="260"><subfield code="a">Shreveport, La. :</subfield><subfield code="b">Louisiana Pub. Co.</subfield></datafield><datafield ind1=" " ind2=" " tag="300"><subfield code="a">v.</subfield></datafield><datafield ind1=" " ind2=" " tag="310"><subfield code="a">Semiweekly</subfield></datafield><datafield ind1="1" ind2=" " tag="362"><subfield code="a">Began in 1905?</subfield></datafield><datafield ind1=" " ind2=" " tag="588"><subfield code="a">Description based on: Vol. 34, no. 96 (June 4, 1907).</subfield></datafield><datafield ind1=" " ind2=" " tag="752"><subfield code="a">United States</subfield><subfield code="b">Louisiana</subfield><subfield code="c">Caddo</subfield><subfield code="d">Shreveport.</subfield></datafield><datafield ind1="0" ind2=" " tag="775"><subfield code="t">Shreveport times (Shreveport, La. : 1889 : Daily)</subfield><subfield code="w">(DLC)sn 83016496</subfield></datafield><datafield ind1="0" ind2="0" tag="780"><subfield code="t">Weekly Shreveport times</subfield><subfield code="w">(DLC)sn 88064522</subfield></datafield></record>